% This file was created with JabRef 2.3.1.
% Encoding: Cp1252

%%%%%%%%pdf%%%%%%%%%%%


@article{bernardo2008importancia,
	title={A import{\^a}ncia dos Testes Automatizados},
	author={Bernardo, Paulo Cheque and Kon, Fabio},
	journal={Engenharia de Software Magazine},
	volume={1},
	number={3},
	pages={54--57},
	year={2008}
}

@inproceedings{orso2014software,
	title={Software testing: a research travelogue (2000--2014)},
	author={Orso, Alessandro and Rothermel, Gregg},
	booktitle={Proceedings of the on Future of Software Engineering},
	pages={117--132},
	year={2014},
	organization={ACM}
}

%%%% idk %%%%%%%%%%%%

@INPROCEEDINGS{7372032, 
	author={N. Boushehrinejadmoradi and V. Ganapathy and S. Nagarakatte and L. Iftode}, 
	booktitle={2015 30th IEEE/ACM International Conference on Automated Software Engineering (ASE)}, 
	title={Testing Cross-Platform Mobile App Development Frameworks (T)}, 
	year={2015}, 
	volume={}, 
	number={}, 
	pages={441-451}, 
	keywords={Android (operating system);application program interfaces;mobile computing;Android API;Android apps;Windows Phone apps;Windows devices;X-Checker;Xamarin developers;app development teams;cross-platform mobile app development frameworks;differential testing methodology;home platform API;iOS apps;mobile app developers;multiple target platforms;programming environment;prototype testing tool;Computer bugs;Libraries;Mobile communication;Smart phones;Software;Testing;Cross-platform;Mobile apps;Porting}, 
	doi={10.1109/ASE.2015.21}, 
	ISSN={}, 
	month={Nov},}

@misc{IDC2017,
	author = {IDC, International Data Corporation},
	title = {{Smartphone OS Market Share, 2017 Q1}},
	url = {https://www.idc.com/promo/smartphone-market-share/os},
	urldate = {23/09/2017},
	year = {2017}
}

@misc{Chantelle2017,
	author = {Chantelle},
	booktitle = {appfigures blog},
	title = {{App Stores Start to Mature - 2016 Year in Review}},
	url = {http://blog.appfigures.com/app-stores-start-to-mature-2016-year-in-review/},
	urldate = {2017-09-23},
	year = {2017}
}

@article{Maldonado2004,
	abstract = {A utiliza{\c{c}}{\~{a}}o deste livro {\'{e}} recomendada tanto na academia, onde pode ser empregado como livro-texto de cursos relacionados {\`{a}} Engenharia e Qualidade de Software, quanto na ind{\'{u}}stria, como um guia para aqueles desenvolvedores que desejam implementar t{\'{e}}cnicas que melhorem suas pr{\'{a}}ticas de teste. Tamb{\'{e}}m {\'{e}} {\'{u}}til para aqueles que est{\~{a}}o dispostos a assumir uma posi{\c{c}}{\~{a}}o que vem ganhando cada vez mais import{\^{a}}ncia nas organiza{\c{c}}{\~{o}}es de software - a de testador.},
	author = {Maldonado, Jos{\'{e}} Carlos and Barbosa, Ellen Francine and Vicenzi, Auri Marcelo Rizzo and Delamaro, M{\'{a}}rcio Eduardo and de Souza, Simone do Rocio Senger and Jino, Mario},
	file = {:C$\backslash$:/GitHub/TCC1/ref/NotaDidatica65.pdf:pdf},
	isbn = {9788535226348},
	pages = {1--49},
	title = {{Introdu{\c{c}}{\~{a}}o ao Teste de Software}},
	url = {http://www.labes.icmc.usp.br/site/sites/default/files/NotaDidatica65.pdf},
	year = {2004}
}

@book{Pressman20093,
	abstract = {Title: Software Engineering A Practitioner's Approach 7th Ed - Roger S. Pressman SubTitle: ; Volume: ; Serie: ; Edition: 7 ; Authors: Pressman, Roger S. ; Year: 2009 ; Pages: 0 ; Editor: ; Publisher: McGraw Hill ; ISBN: 978-0-07-337597-7 ; Keywords: Engineering; Approach; Practitioner; Software; Pressman ;},
	archivePrefix = {arXiv},
	arxivId = {arXiv:1011.1669v3},
	author = {Pressman, Roger S},
	booktitle = {Software Engineering A Practitioner's Approach 7th Ed - Roger S. Pressman},
	doi = {10.1017/CBO9781107415324.004},
	eprint = {arXiv:1011.1669v3},
	file = {:C$\backslash$:/GitHub/TCC1/ref/RPL-7th{\_}ed{\_}software{\_}engineering{\_}a{\_}practitioners{\_}approach{\_}by{\_}roger{\_}s.{\_}pressman{\_}.pdf:pdf},
	isbn = {978-0-07-337597-7},
	issn = {1098-6596},
	keywords = {Approach,Engineering,Practitioner,Pressman,Software},
	pages = {0},
	pmid = {25246403},
	title = {{Software Engineering A Practitioner's Approach 7th Ed - Roger S. Pressman}},
	url = {http://dinus.ac.id/repository/docs/ajar/RPL-7th{\_}ed{\_}software{\_}engineering{\_}a{\_}practitioners{\_}approach{\_}by{\_}roger{\_}s.{\_}pressman{\_}.pdf},
	year = {2009}
}

@article{maldonado1991criterios4,
	title={Crit{\'e}rios potenciais usos: Uma contribui{\c{c}}{\~a}o ao teste estrutural de software},
	author={Maldonado, Jos{\'e} Carlos and others},
	journal={(Publica{\c{c}}{\~a}o FEE)},
	year={1991},
	publisher={[sn]}
}

@misc{myers197977ie10,
	title={77ie Art of Software Testing},
	author={Myers, Glenford J},
	year={1979},
	publisher={New York: John Wiley and Sons}
}

@article{beizer1990software11,
	title={Software testing techniques},
	author={Beizer, B},
	year={1990},
	publisher={Van Nostrand Reinhold Co.}
}

@INPROCEEDINGS{7372032, 
	author={N. Boushehrinejadmoradi and V. Ganapathy and S. Nagarakatte and L. Iftode}, 
	booktitle={2015 30th IEEE/ACM International Conference on Automated Software Engineering (ASE)}, 
	title={Testing Cross-Platform Mobile App Development Frameworks (T)}, 
	year={2015}, 
	volume={}, 
	number={}, 
	pages={441-451}, 
	keywords={Android (operating system);application program interfaces;mobile computing;Android API;Android apps;Windows Phone apps;Windows devices;X-Checker;Xamarin developers;app development teams;cross-platform mobile app development frameworks;differential testing methodology;home platform API;iOS apps;mobile app developers;multiple target platforms;programming environment;prototype testing tool;Computer bugs;Libraries;Mobile communication;Smart phones;Software;Testing;Cross-platform;Mobile apps;Porting}, 
	doi={10.1109/ASE.2015.21}, 
	ISSN={}, 
	month={Nov},}

%%%%%linguagens%%%%%5
@misc{ECMA,
	author = {ECMA},
	title = {{ECMA International}},
	url = {http://www.ecma-international.org/},
	year = {2017}
}
@misc{HTML5,
	author = {HTML5},
	title = {{W3C HyperText Markup Language}},
	url = {https://www.w3.org/html/},
	year = {2017}
}
@misc{CSS3,
	author = {CSS3},
	title = {{W3C Cascading Style Sheet}},
	url = {https://www.w3.org/Style/CSS/Overview.en.html},
	year = {2017}
}
@article{CSharp2017,
	author = {C{\#}},
	title = {{Microsoft C{\#}}},
	url = {https://docs.microsoft.com/en-us/dotnet/csharp/programming-guide/},
	year = {2017}
}

@article{XAML2017,
	author = {XAML},
	title = {{Xamarin XAML}},
	url = {https://developer.xamarin.com/guides/xamarin-forms/xaml/xaml-basics/},
	year = {2017}
}



%%% frameworks
@article{IONIC,
	author = {IONIC},
	title = {{IONIC}},
	url = {https://ionicframework.com/},
	year = {2017}
}
@misc{IBM,
	author = {IBM},
	title = {{IBM Mobile First}},
	url = {https://www.ibm.com/mobilefirst/br/pt/},
	year = {2017}
}
@article{Apache,
	author = {Apache},
	title = {{Apache Cordova}},
	url = {https://cordova.apache.org/},
	year = {2017}
}
@article{Adobe,
	author = {Adobe},
	title = {{Adobe PhoneGap}},
	url = {https://phonegap.com/},
	year = {2017}
}
%%%%
@misc{Xamarin,
	author = {Xamarin},
	title = {{Xamarin}},
	url = {https://www.xamarin.com/},
	year = {2017}
}
@misc{MyAppConverter,
	author = {MyAppConverter},
	title = {{MyAppConverter}},
	url = {https://www.myappconverter.com/},
	year = {2017}
}
@misc{Apportable,
	author = {Apportable},
	title = {{Apportable}},
	url = {http://www.apportable.com/},
	year = {2017}
}
@misc{Facebook,
	author = {Facebook},
	title = {{Facebook React Native}},
	url = {https://facebook.github.io/react-native/},
	year = {2017}
}
@article{Xamarin.Android2017,
	author = {Xamarin.Android},
	title = {{Xamarin.Android}},
	url = {https://developer.xamarin.com/guides/android/},
	year = {2017}
}
@misc{Xamarin.iOS2017,
	author = {Xamarin.iOS},
	title = {{Xamarin.iOS}},
	url = {https://developer.xamarin.com/guides/ios/},
	year = {2017}
}
@article{Xamarin.Forms2017,
	author = {Xamarin.Forms},
	title = {{Xamarin.Forms}},
	url = {https://developer.xamarin.com/guides/xamarin-forms/},
	year = {2017}
}
@article{Mono2017,
	author = {Mono},
	title = {{Mono}},
	url = {http://www.mono-project.com/},
	year = {2017}
}
@article{.NetFramework2017,
	author = {.NetFramework},
	title = {{.Net Framework}},
	url = {https://www.microsoft.com/net/},
	year = {2017}
}



%%%% empresas

@article{Microsoft2017,
	author = {Microsoft},
	title = {{Microsoft}},
	url = {https://www.microsoft.com/pt-br?SilentAuth=1{\&}wa=wsignin1.0},
	year = {2017}
}
